@article{dubey2024llama,
  title={The Llama 3 Herd of Models},
  author={Dubey, Abhimanyu and Jauhri, Abhinav and Pandey, Abhinav and Kadian, Abhishek and Al-Dahle, Ahmad and Letman, Aiesha and Mathur, Akhil and Schelten, Alan and Yang, Amy and Fan, Angela and others},
  journal={arXiv preprint arXiv:2407.21783},
  year={2024}
}

@book{mdobook,
author = {Joaquim R. R. A. Martins and Andrew Ning},
title = {Engineering Design Optimization},
doi = {10.1017/9781108980647},
isbn = {9781108833417},
month = {January},
publisher = {Cambridge University Press},
address = {Cambridge, UK},
url = {https://mdobook.github.io},
year = {2022}
}

@article{podder2019mppt,
  title={MPPT methods for solar PV systems: a critical review based on tracking nature},
  author={Podder, Amit Kumer and Roy, Naruttam Kumar and Pota, Hemanshu Roy},
  journal={IET Renewable Power Generation},
  volume={13},
  number={10},
  pages={1615--1632},
  year={2019},
  publisher={Wiley Online Library}
}
